@INPROCEEDINGS{2012ASPC..461..893D,
  author = {{Doe}, S. and {Bonaventura}, N. and {Busko}, I. and {D'Abrusco}, R. and {Cresitello-Dittmar}, M. and {Ebert}, R. and {Evans}, J. and {Laurino}, O. and {McDowell}, J. and {Pevunova}, O. and {Refsdal}, B.},
  title = {{Iris: The VAO SED Application}},
  booktitle = {Astronomical Data Analysis Software and Systems XXI},
  year = {2012},
  series = {Astronomical Society of the Pacific Conference Series},
  volume = {461},
  archiveprefix = {arXiv},
  eprint = {1205.2419},
  primaryclass = {astro-ph.IM},
  editor = {{Ballester}, P. and {Egret}, D. and {Lorente}, N.~P.~F.},
  month = {sep},
  pages = {893},
  adsurl = {http://adsabs.harvard.edu/abs/2012ASPC..461..893D},
  adsnote = {Provided by the SAO/NASA Astrophysics Data System},
}


@ARTICLE{2011Ap&SS.331....1W,
  author = {{Walcher}, J. and {Groves}, B. and {Budav{\'a}ri}, T. and {Dale}, D.},
  title = {{Fitting the integrated spectral energy distributions of galaxies}},
  journal = {\apss},
  archiveprefix = {arXiv},
  eprint = {1008.0395},
  primaryclass = {astro-ph.CO},
  keywords = {Methods: data analysis, Radiation mechanisms: general, Techniques: photometric, Techniques: spectroscopic, Galaxies: ISM, Galaxies: stellar content},
  year = {2011},
  month = {jan},
  volume = {331},
  pages = {1-52},
  doi = {10.1007/s10509-010-0458-z},
  adsurl = {http://adsabs.harvard.edu/abs/2011Ap%26SS.331....1W},
  adsnote = {Provided by the SAO/NASA Astrophysics Data System},
}


@ARTICLE{2013ARA&A..51..393C,
  author = {{Conroy}, C.},
  title = {{Modeling the Panchromatic Spectral Energy Distributions of Galaxies}},
  journal = {\araa},
  archiveprefix = {arXiv},
  eprint = {1301.7095},
  primaryclass = {astro-ph.CO},
  year = {2013},
  month = {aug},
  volume = {51},
  pages = {393-455},
  doi = {10.1146/annurev-astro-082812-141017},
  adsurl = {http://adsabs.harvard.edu/abs/2013ARA%26A..51..393C},
  adsnote = {Provided by the SAO/NASA Astrophysics Data System},
}


@ARTICLE{2013arXiv1312.3249S,
  author = {{Solano}, E.},
  title = {{Spectral stellar libraries and the Virtual Observatory}},
  journal = {ArXiv e-prints},
  archiveprefix = {arXiv},
  eprint = {1312.3249},
  primaryclass = {astro-ph.IM},
  keywords = {Astrophysics - Instrumentation and Methods for Astrophysics, Astrophysics - Solar and Stellar Astrophysics},
  year = {2013},
  month = {dec},
  adsurl = {http://adsabs.harvard.edu/abs/2013arXiv1312.3249S},
  adsnote = {Provided by the SAO/NASA Astrophysics Data System},
}


@ARTICLE{2012arXiv1204.3055M,
  author = {{McDowell}, J. and {Tody}, D. and {Budavari}, T. and {Dolensky}, M. and {Kamp}, I. and {McCusker}, K. and {Protopapas}, P. and {Rots}, A. and {Thompson}, R. and {Valdes}, F. and {Skoda}, P. and {Rino}, B. and {Derriere}, S. and {Salgado}, J. and {Laurino}, O. and {IVOA Data Access Layer}, t. and {Data Model Working Groups}},
  title = {{IVOA Recommendation: Spectrum Data Model 1.1}},
  journal = {ArXiv e-prints},
  archiveprefix = {arXiv},
  eprint = {1204.3055},
  primaryclass = {astro-ph.IM},
  keywords = {Astrophysics - Instrumentation and Methods for Astrophysics},
  year = {2012},
  month = {apr},
  adsurl = {http://adsabs.harvard.edu/abs/2012arXiv1204.3055M},
  adsnote = {Provided by the SAO/NASA Astrophysics Data System},
}


@INPROCEEDINGS{2013AAS...22124038L,
  author = {{Laurino}, O. and {Busko}, I. and {Cresitello-Dittmar}, M. and {D'Abrusco}, R. and {Doe}, S. and {Evans}, J. and {Pevunova}, O. and {Norris}, P.},
  title = {{Constructing and Analyzing Spectral Energy Distributions with the Virtual Observatory}},
  booktitle = {American Astronomical Society Meeting Abstracts},
  year = {2013},
  series = {American Astronomical Society Meeting Abstracts},
  volume = {221},
  month = {jan},
  pages = {240.38},
  adsurl = {http://adsabs.harvard.edu/abs/2013AAS...22124038L},
  adsnote = {Provided by the SAO/NASA Astrophysics Data System},
}


@INPROCEEDINGS{2012SPIE.8449E..0IE,
  author = {{Evans}, J.~D. and {Plante}, R.~L. and {Boneventura}, N. and {Busko}, I. and {Cresitello-Dittmar}, M. and {D'Abrusco}, R. and {Doe}, S. and {Ebert}, R. and {Laurino}, O. and {Pevunova}, O. and {Refsdal}, B. and {Thomas}, B.},
  title = {{Managing distributed software development in the Virtual Astronomical Observatory}},
  booktitle = {Society of Photo-Optical Instrumentation Engineers (SPIE) Conference Series},
  year = {2012},
  series = {Society of Photo-Optical Instrumentation Engineers (SPIE) Conference Series},
  volume = {8449},
  archiveprefix = {arXiv},
  eprint = {1206.6161},
  primaryclass = {astro-ph.IM},
  month = {sep},
  eid = {84490I},
  doi = {10.1117/12.927371},
  adsurl = {http://adsabs.harvard.edu/abs/2012SPIE.8449E..0IE},
  adsnote = {Provided by the SAO/NASA Astrophysics Data System},
}


@INPROCEEDINGS{2012SPIE.8449E..0HB,
  author = {{Berriman}, G.~B. and {Hanisch}, R.~J. and {Lazio}, T.~J.~W. and {Szalay}, A. and {Fabbiano}, G.},
  title = {{The organization and management of the Virtual Astronomical Observatory}},
  booktitle = {Society of Photo-Optical Instrumentation Engineers (SPIE) Conference Series},
  year = {2012},
  series = {Society of Photo-Optical Instrumentation Engineers (SPIE) Conference Series},
  volume = {8449},
  archiveprefix = {arXiv},
  eprint = {1206.4079},
  primaryclass = {astro-ph.IM},
  month = {sep},
  eid = {84490H},
  doi = {10.1117/12.926605},
  adsurl = {http://adsabs.harvard.edu/abs/2012SPIE.8449E..0HB},
  adsnote = {Provided by the SAO/NASA Astrophysics Data System},
}


@ARTICLE{2006A&A...448..861M,
  author = {{Massaro}, E. and {Tramacere}, A. and {Perri}, M. and {Giommi}, P. and {Tosti}, G.},
  title = {{Log-parabolic spectra and particle acceleration in blazars. III. SSC emission in the TeV band from Mkn501}},
  journal = {\aap},
  eprint = {astro-ph/0511673},
  keywords = {radiation mechanisms: non-thermal, galaxies: active, BL Lacertae objects: general, BL Lacertae objects: individual: Mkn 501},
  year = {2006},
  month = {mar},
  volume = {448},
  pages = {861-871},
  doi = {10.1051/0004-6361:20053644},
  adsurl = {http://adsabs.harvard.edu/abs/2006A%26A...448..861M},
  adsnote = {Provided by the SAO/NASA Astrophysics Data System},
}


@ARTICLE{2009A&A...501..879T,
  author = {{Tramacere}, A. and {Giommi}, P. and {Perri}, M. and {Verrecchia}, F. and {Tosti}, G.},
  title = {{Swift observations of the very intense flaring activity of Mrk 421 during 2006. I. Phenomenological picture of electron acceleration and predictions for MeV/GeV emission}},
  journal = {\aap},
  archiveprefix = {arXiv},
  eprint = {0901.4124},
  primaryclass = {astro-ph.HE},
  keywords = {galaxies: active, galaxies: BL Lacertae objects: individual: Mrk 421 , X-rays: individuals: Mrk 421 , radiation mechanisms: non-thermal, acceleration of particles},
  year = {2009},
  month = {jul},
  volume = {501},
  pages = {879-898},
  doi = {10.1051/0004-6361/200810865},
  adsurl = {http://adsabs.harvard.edu/abs/2009A%26A...501..879T},
  adsnote = {Provided by the SAO/NASA Astrophysics Data System},
}


@ARTICLE{2002ApJ...575..667D,
  author = {{Dermer}, C.~D. and {Schlickeiser}, R.},
  title = {{Transformation Properties of External Radiation Fields, Energy-Loss Rates and Scattered Spectra, and a Model for Blazar Variability}},
  journal = {\apj},
  eprint = {astro-ph/0202280},
  keywords = {Galaxies: BL Lacertae Objects: General, Galaxies: Jets, Gamma Rays: Bursts, Galaxies: Quasars: General, Radiation Mechanisms: Nonthermal},
  year = {2002},
  month = {aug},
  volume = {575},
  pages = {667-686},
  doi = {10.1086/341431},
  adsurl = {http://adsabs.harvard.edu/abs/2002ApJ...575..667D},
  adsnote = {Provided by the SAO/NASA Astrophysics Data System},
}


@ARTICLE{1998AJ....115.1329S,
  author = {{Sawicki}, M. and {Yee}, H.~K.~C.},
  tite = {{Optical-Infrared Spectral Energy Distributions of Z > 2 Lyman Break Galaxies}},
  journal = {\aj},
  eprint = {astro-ph/9712216},
  keywords = {COSMOLOGY: OBSERVATIONS, EARLY UNIVERSE, GALAXIES: STARBURST},
  year = {1998},
  month = {apr},
  volume = {115},
  pages = {1329-1339},
  doi = {10.1086/300291},
  adsurl = {http://adsabs.harvard.edu/abs/1998AJ....115.1329S},
  adsnote = {Provided by the SAO/NASA Astrophysics Data System},
}


@ARTICLE{2001ApJS..137..139S,
  author = {{Shapley}, A. and {Fabbiano}, G. and {Eskridge}, P.~B.},
  title = {{A Multivariate Statistical Analysis of Spiral Galaxy Luminosities. I. Data and Results}},
  journal = {\apjs},
  eprint = {astro-ph/0106361},
  keywords = {Galaxies: Photometry, Galaxies: Spiral, Methods: Statistical, Radio Continuum: Galaxies, X-Rays: Galaxies},
  year = {2001},
  month = {nov},
  volume = {137},
  pages = {139-199},
  doi = {10.1086/322998},
  adsurl = {http://adsabs.harvard.edu/abs/2001ApJS..137..139S},
  adsnote = {Provided by the SAO/NASA Astrophysics Data System},
}


@ARTICLE{2007ApJS..169..328R,
  author = {{Robitaille}, T.~P. and {Whitney}, B.~A. and {Indebetouw}, R. and {Wood}, K.},
  title = {{Interpreting Spectral Energy Distributions from Young Stellar Objects. II. Fitting Observed SEDs Using a Large Grid of Precomputed Models}},
  journal = {\apjs},
  eprint = {astro-ph/0612690},
  keywords = {Stars: Circumstellar Matter, Infrared: Stars, Radiative Transfer, Stars: Formation, Stars: Pre-Main-Sequence},
  year = {2007},
  month = {apr},
  volume = {169},
  pages = {328-352},
  doi = {10.1086/512039},
  adsurl = {http://adsabs.harvard.edu/abs/2007ApJS..169..328R},
  adsnote = {Provided by the SAO/NASA Astrophysics Data System},
}


@ARTICLE{2009MNRAS.394.1496B,
  author = {{Budav{\'a}ri}, T. and {Wild}, V. and {Szalay}, A.~S. and {Dobos}, L. and {Yip}, C.-W.},
  title = {{Reliable eigenspectra for new generation surveys}},
  journal = {\mnras},
  archiveprefix = {arXiv},
  eprint = {0809.0881},
  keywords = {methods: statistical , galaxies: statistics},
  year = {2009},
  month = {apr},
  volume = {394},
  pages = {1496-1502},
  doi = {10.1111/j.1365-2966.2009.14415.x},
  adsurl = {http://adsabs.harvard.edu/abs/2009MNRAS.394.1496B},
  adsnote = {Provided by the SAO/NASA Astrophysics Data System},
}


@ARTICLE{2011ApJ...737...47A,
  author = {{Acquaviva}, V. and {Gawiser}, E. and {Guaita}, L.},
  title = {{Spectral Energy Distribution Fitting with Markov Chain Monte Carlo: Methodology and Application to z = 3.1 Ly{$\alpha$}-emitting Galaxies}},
  journal = {\apj},
  archiveprefix = {arXiv},
  eprint = {1101.2215},
  primaryclass = {astro-ph.CO},
  keywords = {galaxies: fundamental parameters, galaxies: statistics, methods: statistical},
  year = {2011},
  month = {aug},
  volume = {737},
  eid = {47},
  pages = {47},
  doi = {10.1088/0004-637X/737/2/47},
  adsurl = {http://adsabs.harvard.edu/abs/2011ApJ...737...47A},
  adsnote = {Provided by the SAO/NASA Astrophysics Data System},
}


@ARTICLE{2008A&A...492..277B,
  author = {{Bayo}, A. and {Rodrigo}, C. and {Barrado Y Navascu{\'e}s}, D. and {Solano}, E. and {Guti{\'e}rrez}, R. and {Morales-Calder{\'o}n}, M. and {Allard}, F.},
  title = {{VOSA: virtual observatory SED analyzer. An application to the Collinder 69 open cluster}},
  journal = {\aap},
  archiveprefix = {arXiv},
  eprint = {0808.0270},
  keywords = {astronomical data bases: miscellaneous, stars: formation, stars: circumstellar matter, stars: low-mass, brown dwarfs , stars: Hertzsprung-Russell (HR) and C-M diagrams, Galaxy: open clusters and associations: individual: Collinder 69},
  year = {2008},
  month = {dec},
  volume = {492},
  pages = {277-287},
  doi = {10.1051/0004-6361:200810395},
  adsurl = {http://adsabs.harvard.edu/abs/2008A%26A...492..277B},
  adsnote = {Provided by the SAO/NASA Astrophysics Data System},
}


@ARTICLE{2011arXiv1110.0528T,
  author = {{Taylor}, M. and {Boch}, T. and {Fitzpatrick}, M. and {Allan}, A. and {Paioro}, L. and {Taylor}, J. and {Tody}, D.},
  title = {{IVOA Recommendation: SAMP - Simple Application Messaging Protocol Version 1.3}},
  journal = {ArXiv e-prints},
  archiveprefix = {arXiv},
  eprint = {1110.0528},
  primaryclass = {astro-ph.IM},
  keywords = {Astrophysics - Instrumentation and Methods for Astrophysics},
  year = {2011},
  month = {oct},
  adsurl = {http://adsabs.harvard.edu/abs/2011arXiv1110.0528T},
  adsnote = {Provided by the SAO/NASA Astrophysics Data System},
}


@INPROCEEDINGS{2005ASPC..347...29T,
  author = {{Taylor}, M.~B.},
  title = {{TOPCAT {\&} STIL: Starlink Table/VOTable Processing Software}},
  booktitle = {Astronomical Data Analysis Software and Systems XIV},
  year = {2005},
  series = {Astronomical Society of the Pacific Conference Series},
  volume = {347},
  editor = {{Shopbell}, P. and {Britton}, M. and {Ebert}, R.},
  month = {dec},
  pages = {29},
  adsurl = {http://adsabs.harvard.edu/abs/2005ASPC..347...29T},
  adsnote = {Provided by the SAO/NASA Astrophysics Data System},
}


@ARTICLE{2007ApJ...656..770S,
  author = {{Smith}, J.~D.~T. and {Draine}, B.~T. and {Dale}, D.~A. and {Moustakas}, J. and {Kennicutt}, Jr., R.~C. and {Helou}, G. and {Armus}, L. and {Roussel}, H. and {Sheth}, K. and {Bendo}, G.~J. and {Buckalew}, B.~A. and {Calzetti}, D. and {Engelbracht}, C.~W. and {Gordon}, K.~D. and {Hollenbach}, D.~J. and {Li}, A. and {Malhotra}, S. and {Murphy}, E.~J. and {Walter}, F.},
  title = {{The Mid-Infrared Spectrum of Star-forming Galaxies: Global Properties of Polycyclic Aromatic Hydrocarbon Emission}},
  journal = {\apj},
  eprint = {astro-ph/0610913},
  keywords = {Galaxies: Active, Galaxies: ISM, Infrared: Galaxies, Techniques: Spectroscopic},
  year = {2007},
  month = {feb},
  volume = {656},
  pages = {770-791},
  doi = {10.1086/510549},
  adsurl = {http://adsabs.harvard.edu/abs/2007ApJ...656..770S},
  adsnote = {Provided by the SAO/NASA Astrophysics Data System},
}


@ARTICLE{2004MNRAS.355..273C,
  author = {{Cid Fernandes}, R. and {Gu}, Q. and {Melnick}, J. and {Terlevich}, E. and {Terlevich}, R. and {Kunth}, D. and {Rodrigues Lacerda}, R. and {Joguet}, B.},
  title = {{The star formation history of Seyfert 2 nuclei}},
  journal = {\mnras},
  eprint = {astro-ph/0408483},
  keywords = {galaxies: active, galaxies: Seyfert, galaxies: statistics, galaxies: stellar content},
  year = {2004},
  month = {nov},
  volume = {355},
  pages = {273-296},
  doi = {10.1111/j.1365-2966.2004.08321.x},
  adsurl = {http://adsabs.harvard.edu/abs/2004MNRAS.355..273C},
  adsnote = {Provided by the SAO/NASA Astrophysics Data System},
}


@ARTICLE{2000ApJ...536..571B,
  author = {{Ben{\'{\i}}tez}, N.},
  title = {{Bayesian Photometric Redshift Estimation}},
  journal = {\apj},
  eprint = {astro-ph/9811189},
  keywords = {Galaxies: Distances and Redshifts, Galaxies: Photometry, Methods: Statistical},
  year = {2000},
  month = {jun},
  volume = {536},
  pages = {571-583},
  doi = {10.1086/308947},
  adsurl = {http://adsabs.harvard.edu/abs/2000ApJ...536..571B},
  adsnote = {Provided by the SAO/NASA Astrophysics Data System},
}


@ARTICLE{1999MNRAS.310..540A,
  author = {{Arnouts}, S. and {Cristiani}, S. and {Moscardini}, L. and {Matarrese}, S. and {Lucchin}, F. and {Fontana}, A. and {Giallongo}, E.},
  title = {{Measuring and modelling the redshift evolution of clustering: the Hubble Deep Field North}},
  journal = {\mnras},
  eprint = {astro-ph/9902290},
  keywords = {GALAXIES: CLUSTERS: GENERAL, GALAXIES: PHOTOMETRY, COSMOLOGY: OBSERVATIONS, COSMOLOGY: THEORY, LARGE-SCALE STRUCTURE OF UNIVERSE},
  year = {1999},
  month = {dec},
  volume = {310},
  pages = {540-556},
  doi = {10.1046/j.1365-8711.1999.02978.x},
  adsurl = {http://adsabs.harvard.edu/abs/1999MNRAS.310..540A},
  adsnote = {Provided by the SAO/NASA Astrophysics Data System},
}


@ARTICLE{2000A&A...363..476B,
  author = {{Bolzonella}, M. and {Miralles}, J.-M. and {Pell{\'o}}, R.},
  title = {{Photometric redshifts based on standard SED fitting procedures}},
  journal = {\aap},
  eprint = {astro-ph/0003380},
  keywords = {GALAXIES: DISTANCES AND REDSHIFTS, GALAXIES: GENERAL, METHODS: DATA ANALYSIS, TECHNIQUES: PHOTOMETRIC},
  year = {2000},
  month = {nov},
  volume = {363},
  pages = {476-492},
  adsurl = {http://adsabs.harvard.edu/abs/2000A%26A...363..476B},
  adsnote = {Provided by the SAO/NASA Astrophysics Data System},
}


@ARTICLE{ioc,
  author = {{Johnson}, R. E. and {Foote}, B.},
  title = {{Designing Reusable Classes}},
  journal = {{Journal of Object-Oriented Programming}},
  year = {1988},
  month = {jun},
  volume = {1},
  pages = {22-35},
  note = {\url{http://www.laputan.org/drc.html}},
}


@INPROCEEDINGS{2004SPIE.5493..137Q,
  author = {{Quinn}, P.~J. and {Barnes}, D.~G. and {Csabai}, I. and {Cui}, C. and {Genova}, F. and {Hanisch}, B. and {Kembhavi}, A. and {Kim}, S.~C. and {Lawrence}, A. and {Malkov}, O. and {Ohishi}, M. and {Pasian}, F. and {Schade}, D. and {Voges}, W.},
  title = {{The International Virtual Observatory Alliance: recent technical developments and the road ahead}},
  booktitle = {Optimizing Scientific Return for Astronomy through Information Technologies},
  year = {2004},
  series = {Society of Photo-Optical Instrumentation Engineers (SPIE) Conference Series},
  volume = {5493},
  editor = {{Quinn}, P.~J. and {Bridger}, A.},
  month = {sep},
  pages = {137-145},
  doi = {10.1117/12.551247},
  adsurl = {http://adsabs.harvard.edu/abs/2004SPIE.5493..137Q},
  adsnote = {Provided by the SAO/NASA Astrophysics Data System},
}

@INPROCEEDINGS{2007ASPC..376..153M,
   author = {{Mazzarella}, J.~M. and {NED Team}},
    title = "{NED for a New Era}",
booktitle = {Astronomical Data Analysis Software and Systems XVI},
     year = 2007,
   series = {Astronomical Society of the Pacific Conference Series},
   volume = 376,
   editor = {{Shaw}, R.~A. and {Hill}, F. and {Bell}, D.~J.},
    month = {oct},
    pages = {153},
   adsurl = {http://adsabs.harvard.edu/abs/2007ASPC..376..153M},
  adsnote = {Provided by the SAO/NASA Astrophysics Data System}
}

@ARTICLE{2012arXiv1203.5725T,
   author = {{Tody}, D. and {Dolensky}, M. and {McDowell}, J. and {Bonnarel}, F. and {Budavari}, T. and {Busko}, I. and {Micol}, A. and {Osuna}, P. and {Salgado}, J. and {Skoda}, P. and {Thompson}, R. and {Valdes}, F. and {the Data Access Layer working group}},
    title = "{IVOA Recommendation: Simple Spectral Access Protocol Version 1.1}",
  journal = {ArXiv e-prints},
archivePrefix = "arXiv",
   eprint = {1203.5725},
 primaryClass = "astro-ph.IM",
 keywords = {Astrophysics - Instrumentation and Methods for Astrophysics},
     year = 2012,
    month = mar,
   adsurl = {http://adsabs.harvard.edu/abs/2012arXiv1203.5725T},
  adsnote = {Provided by the SAO/NASA Astrophysics Data System}
}

@INPROCEEDINGS{2000ASPC..216...79B,
   author = {{Busko}, I.},
    title = "{SPECVIEW: An Interactive Java Tool for Visualization and Analysis of Spectral Data}",
booktitle = {Astronomical Data Analysis Software and Systems IX},
     year = 2000,
   series = {Astronomical Society of the Pacific Conference Series},
   volume = 216,
   editor = {{Manset}, N. and {Veillet}, C. and {Crabtree}, D.},
    pages = {79},
   adsurl = {http://adsabs.harvard.edu/abs/2000ASPC..216...79B},
  adsnote = {Provided by the SAO/NASA Astrophysics Data System}
}

@INPROCEEDINGS{2002ASPC..281..120B,
   author = {{Busko}, I.},
    title = "{Specview: a Java Tool for Spectral Visualization and Model Fitting}",
 keywords = {data analysis, Java},
booktitle = {Astronomical Data Analysis Software and Systems XI},
     year = 2002,
   series = {Astronomical Society of the Pacific Conference Series},
   volume = 281,
   editor = {{Bohlender}, D.~A. and {Durand}, D. and {Handley}, T.~H.},
    pages = {120},
   adsurl = {http://adsabs.harvard.edu/abs/2002ASPC..281..120B},
  adsnote = {Provided by the SAO/NASA Astrophysics Data System}
}

@ARTICLE{2011arXiv1110.0524O,
   author = {{Ochsenbein}, F. and {Williams}, R. and {Davenhall}, C. and {Durand}, D. and {Fernique}, P. and {Giaretta}, D. and {Hanisch}, R. and {McGlynn}, T. and {Szalay}, A. and {Taylor}, M.~B. and {Wicenec}, A.},
    title = "{IVOA Recommendation: VOTable Format Definition Version 1.2}",
  journal = {ArXiv e-prints},
archivePrefix = "arXiv",
   eprint = {1110.0524},
 primaryClass = "astro-ph.IM",
 keywords = {Astrophysics - Instrumentation and Methods for Astrophysics},
     year = 2011,
    month = oct,
   adsurl = {http://adsabs.harvard.edu/abs/2011arXiv1110.0524O},
  adsnote = {Provided by the SAO/NASA Astrophysics Data System}
}

@INPROCEEDINGS{2002SPIE.4847..410B,
   author = {{Busko}, I.},
    title = "{Specview: a Java tool for spectral visualization and model fitting of multi-instrument data}",
booktitle = {Astronomical Data Analysis II},
     year = 2002,
   series = {Society of Photo-Optical Instrumentation Engineers (SPIE) Conference Series},
   volume = 4847,
   editor = {{Starck}, J.-L. and {Murtagh}, F.~D.},
    month = dec,
    pages = {410-418},
   eprint = {ascl:1210.016},
      doi = {10.1117/12.460371},
   adsurl = {http://adsabs.harvard.edu/abs/2002SPIE.4847..410B},
  adsnote = {Provided by the SAO/NASA Astrophysics Data System}
}

@ARTICLE{2011ascl.soft07005F,
author = {{Freeman}, P. and {Nguyen}, D. and {Doe}, S. and {Siemiginowska}, A.},
title = "{Sherpa: CIAO Modeling and Fitting Package}",
journal = {Astrophysics Source Code Library},
year = 2011,
month = jul,
eprint = {ascl:1107.005},
adsurl = {http://adsabs.harvard.edu/abs/2011ascl.soft07005F},
adsnote = {Provided by the SAO/NASA Astrophysics Data System}
}



